<?xml version="1.0" encoding="UTF-8"?><record xmlns="http://www.loc.gov/MARC21/slim" xmlns:cinclude="http://apache.org/cocoon/include/1.0" xmlns:zs="http://www.loc.gov/zing/srw/">
  <leader>00581cz  a2200169n  4500</leader>
  <controlfield tag="001">no2009069996</controlfield>
  <controlfield tag="003">DLC</controlfield>
  <controlfield tag="005">20130326121830.0</controlfield>
  <controlfield tag="008">090506n| azannaabn           a aaa     c</controlfield>
  <datafield tag="010" ind1=" " ind2=" ">
    <subfield code="a">no2009069996</subfield>
  </datafield>
  <datafield tag="035" ind1=" " ind2=" ">
    <subfield code="a">(OCoLC)oca08100517</subfield>
  </datafield>
  <datafield tag="040" ind1=" " ind2=" ">
    <subfield code="a">PaPhCHF</subfield>
    <subfield code="b">eng</subfield>
    <subfield code="e">rda</subfield>
    <subfield code="c">PaPhCHF</subfield>
    <subfield code="d">DLC</subfield>
  </datafield>
  <datafield tag="046" ind1=" " ind2=" ">
    <subfield code="f">1895</subfield>
  </datafield>
  <datafield tag="100" ind1="1" ind2=" ">
    <subfield code="a">Moss, James Ehlen,</subfield>
    <subfield code="d">1895-</subfield>
  </datafield>
  <datafield tag="400" ind1="1" ind2=" ">
    <subfield code="w">nnea</subfield>
    <subfield code="a">Moss, James Ehlen,</subfield>
    <subfield code="d">b. 1895</subfield>
  </datafield>
  <datafield tag="670" ind1=" " ind2=" ">
    <subfield code="a">The history of the Tanker Corrosion Research Project of the American Petroleum Institute, 1966:</subfield>
    <subfield code="b">t.p. (James Ehlen Moss)</subfield>
  </datafield>
  <datafield tag="670" ind1=" " ind2=" ">
    <subfield code="a">OCLC, Dec 10, 2008</subfield>
    <subfield code="b">(hdg: Moss, James Ehlen, b. 1895)</subfield>
  </datafield>
</record>